@book{andretta,
    title = {Elements of Mathematical Logic},
    author = {Alessandro Andretta},
    year = {2020},
    note = {Online Edition available at \url{http://torino.logicgroup.altervista.org/torino/works.php}},
}